 @misc{SphViewer,
 author       = {Alejandro Benitez-Llambay},
 title        = {py-sphviewer: Py-SPHViewer v1.0.0},
 month        = jul,
 year         = 2015,
 doi          = {10.5281/zenodo.21703},
 url          = {http://dx.doi.org/10.5281/zenodo.21703}
 }

@ARTICLE{MUSIC,
       author = {{Hahn}, Oliver and {Abel}, Tom},
        title = "{Multi-scale initial conditions for cosmological simulations}",
      journal = {\mnras},
     keywords = {methods: numerical, galaxies: formation, cosmology: theory, large-scale structure of Universe, Astrophysics - Cosmology and Nongalactic Astrophysics},
         year = "2011",
        month = "Aug",
       volume = {415},
       number = {3},
        pages = {2101-2121},
          doi = {10.1111/j.1365-2966.2011.18820.x},
archivePrefix = {arXiv},
       eprint = {1103.6031},
 primaryClass = {astro-ph.CO},
       adsurl = {https://ui.adsabs.harvard.edu/abs/2011MNRAS.415.2101H},
      adsnote = {Provided by the SAO/NASA Astrophysics Data System}
}



@ARTICLE{Ruiz2015,
       author = {{Ruiz}, Andr{\'e}s N. and {Paz}, Dante J. and {Lares}, Marcelo and
         {Luparello}, Heliana E. and {Ceccarelli}, Laura and
         {Lambas}, Diego Garc{\'\i}a},
        title = "{Clues on void evolution - III. Structure and dynamics in void shells}",
      journal = {\mnras},
     keywords = {methods: numerical, methods: statistical, large-scale structure of Universe, Astrophysics - Cosmology and Nongalactic Astrophysics},
         year = "2015",
        month = "Apr",
       volume = {448},
       number = {2},
        pages = {1471-1482},
          doi = {10.1093/mnras/stv019},
archivePrefix = {arXiv},
       eprint = {1501.02120},
 primaryClass = {astro-ph.CO},
       adsurl = {https://ui.adsabs.harvard.edu/abs/2015MNRAS.448.1471R},
      adsnote = {Provided by the SAO/NASA Astrophysics Data System}
}



@ARTICLE{Ceccarelli2013,
       author = {{Ceccarelli}, L. and {Paz}, D. and {Lares}, M. and {Padilla}, N. and
         {Lambas}, D. Garc{\'\i}a},
        title = "{Clues on void evolution - I. Large-scale galaxy distributions around voids}",
      journal = {\mnras},
     keywords = {methods: data analysis, methods: observational, methods: statistical, large-scale structure of Universe, Astrophysics - Cosmology and Nongalactic Astrophysics},
         year = "2013",
        month = "Sep",
       volume = {434},
       number = {2},
        pages = {1435-1442},
          doi = {10.1093/mnras/stt1097},
archivePrefix = {arXiv},
       eprint = {1306.5798},
 primaryClass = {astro-ph.CO},
       adsurl = {https://ui.adsabs.harvard.edu/abs/2013MNRAS.434.1435C},
      adsnote = {Provided by the SAO/NASA Astrophysics Data System}
}

@ARTICLE{Ceccarelli2008,
       author = {{Ceccarelli}, L. and {Padilla}, N. and {Lambas}, D.~G.},
        title = "{Large-scale modulation of star formation in void walls}",
      journal = {\mnras},
     keywords = {large-scale structure of Universe, Astrophysics},
         year = "2008",
        month = "Oct",
       volume = {390},
       number = {3},
        pages = {L9-L13},
          doi = {10.1111/j.1745-3933.2008.00520.x},
archivePrefix = {arXiv},
       eprint = {0805.0790},
 primaryClass = {astro-ph},
       adsurl = {https://ui.adsabs.harvard.edu/abs/2008MNRAS.390L...9C},
      adsnote = {Provided by the SAO/NASA Astrophysics Data System}
}

@ARTICLE{Tomita2000,
       author = {{Tomita}, Kenji},
        title = "{Distances and Lensing in Cosmological Void Models}",
      journal = {\apj},
     keywords = {COSMOLOGY: OBSERVATIONS, COSMOLOGY: THEORY, COSMOLOGY: LARGE-SCALE STRUCTURE OF UNIVERSE, Cosmology: Observations, Cosmology: Theory, Cosmology: Large-Scale Structure of Universe, Astrophysics},
         year = "2000",
        month = "Jan",
       volume = {529},
       number = {1},
        pages = {38-46},
          doi = {10.1086/308277},
archivePrefix = {arXiv},
       eprint = {astro-ph/9906027},
 primaryClass = {astro-ph},
       adsurl = {https://ui.adsabs.harvard.edu/abs/2000ApJ...529...38T},
      adsnote = {Provided by the SAO/NASA Astrophysics Data System}
}



@ARTICLE{Alpaslan2014,
       author = {{Alpaslan}, M. and {Robotham}, A.~S.~G. and {Obreschkow}, D. and
         {Penny}, S. and {Driver}, S. and {Norberg}, P. and {Brough}, S. and
         {Brown}, M. and {Cluver}, M. and {Holwerda}, B. and {Hopkins}, A.~M. and
         {van Kampen}, E. and {Kelvin}, L.~S. and {Lara-Lopez}, M.~A. and
         {Liske}, J. and {Loveday}, J. and {Mahajan}, S. and {Pimbblet}, K.},
        title = "{Galaxy and Mass Assembly (GAMA): fine filaments of galaxies detected within voids.}",
      journal = {\mnras},
     keywords = {methods: data analysis, surveys, large-scale structure of Universe, Astrophysics - Cosmology and Nongalactic Astrophysics},
         year = "2014",
        month = "May",
       volume = {440},
        pages = {L106-L110},
          doi = {10.1093/mnrasl/slu019},
archivePrefix = {arXiv},
       eprint = {1401.7331},
 primaryClass = {astro-ph.CO},
       adsurl = {https://ui.adsabs.harvard.edu/abs/2014MNRAS.440L.106A},
      adsnote = {Provided by the SAO/NASA Astrophysics Data System}
}



@ARTICLE{Sheth2004,
       author = {{Sheth}, Ravi K. and {van de Weygaert}, Rien},
        title = "{A hierarchy of voids: much ado about nothing}",
      journal = {\mnras},
     keywords = {galaxies: clusters: general, cosmology: theory, dark matter, Astrophysics},
         year = "2004",
        month = "May",
       volume = {350},
       number = {2},
        pages = {517-538},
          doi = {10.1111/j.1365-2966.2004.07661.x},
archivePrefix = {arXiv},
       eprint = {astro-ph/0311260},
 primaryClass = {astro-ph},
       adsurl = {https://ui.adsabs.harvard.edu/abs/2004MNRAS.350..517S},
      adsnote = {Provided by the SAO/NASA Astrophysics Data System}
}



@ARTICLE{SAAS,
       author = {{Springel}, Volker},
        title = "{High Performance Computing and Numerical Modelling}",
      journal = {Saas-Fee Advanced Course},
     keywords = {Physics, Astrophysics - Astrophysics of Galaxies, Physics - Computational Physics},
         year = "2016",
        month = "Jan",
       volume = {43},
        pages = {251},
          doi = {10.1007/978-3-662-47890-5_3},
archivePrefix = {arXiv},
       eprint = {1412.5187},
 primaryClass = {astro-ph.GA},
       adsurl = {https://ui.adsabs.harvard.edu/abs/2016SAAS...43..251S},
      adsnote = {Provided by the SAO/NASA Astrophysics Data System}
}

@ARTICLE{Springel2003,
       author = {{Springel}, Volker and {Hernquist}, Lars},
        title = "{Cosmological smoothed particle hydrodynamics simulations: a hybrid multiphase model for star formation}",
      journal = {\mnras},
     keywords = {methods: numerical, galaxies: evolution, galaxies: formation, Astrophysics},
         year = "2003",
        month = "Feb",
       volume = {339},
       number = {2},
        pages = {289-311},
          doi = {10.1046/j.1365-8711.2003.06206.x},
archivePrefix = {arXiv},
       eprint = {astro-ph/0206393},
 primaryClass = {astro-ph},
       adsurl = {https://ui.adsabs.harvard.edu/abs/2003MNRAS.339..289S},
      adsnote = {Provided by the SAO/NASA Astrophysics Data System}
}

@ARTICLE{GIZMO2015,
       author = {{Hopkins}, Philip F.},
        title = "{A new class of accurate, mesh-free hydrodynamic simulation methods}",
      journal = {\mnras},
     keywords = {hydrodynamics, instabilities, turbulence, methods: numerical, cosmology: theory, Astrophysics - Cosmology and Nongalactic Astrophysics, Astrophysics - Astrophysics of Galaxies, Astrophysics - Instrumentation and Methods for Astrophysics, Physics - Computational Physics, Physics - Fluid Dynamics},
         year = "2015",
        month = "Jun",
       volume = {450},
       number = {1},
        pages = {53-110},
          doi = {10.1093/mnras/stv195},
archivePrefix = {arXiv},
       eprint = {1409.7395},
 primaryClass = {astro-ph.CO},
       adsurl = {https://ui.adsabs.harvard.edu/abs/2015MNRAS.450...53H},
      adsnote = {Provided by the SAO/NASA Astrophysics Data System}
}



@ARTICLE{Gingold1977,
       author = {{Gingold}, R.~A. and {Monaghan}, J.~J.},
        title = "{Smoothed particle hydrodynamics: theory and application to non-spherical stars.}",
      journal = {\mnras},
     keywords = {Hydrodynamics, Particle Theory, Stellar Models, Astrophysics, Stellar Rotation, Stellar Structure, Astrophysics},
         year = "1977",
        month = "Nov",
       volume = {181},
        pages = {375-389},
          doi = {10.1093/mnras/181.3.375},
       adsurl = {https://ui.adsabs.harvard.edu/abs/1977MNRAS.181..375G},
      adsnote = {Provided by the SAO/NASA Astrophysics Data System}
}


@ARTICLE{Zeldovich1970,
       author = {{Zel'Dovich}, Y.~B.},
        title = "{Reprint of 1970A\&amp;A.....5...84Z. Gravitational instability: an approximate theory for large density perturbations.}",
      journal = {\aap},
         year = "1970",
        month = "Mar",
       volume = {500},
        pages = {13-18},
       adsurl = {https://ui.adsabs.harvard.edu/abs/1970A&A.....5...84Z},
      adsnote = {Provided by the SAO/NASA Astrophysics Data System}
}

@ARTICLE{Hui1997,
       author = {{Hui}, Lam and {Gnedin}, Nickolay Y.},
        title = "{Equation of state of the photoionized intergalactic medium}",
      journal = {\mnras},
     keywords = {Equations Of State, Intergalactic Media, Photoionization, Absorption Spectra, Quasars, Astrophysics, EQUATION OF STATE, INTERGALACTIC MEDIUM, QUASARS: ABSORPTION LINES, COSMOLOGY: THEORY, Astrophysics},
         year = "1997",
        month = "Nov",
       volume = {292},
       number = {1},
        pages = {27-42},
          doi = {10.1093/mnras/292.1.27},
archivePrefix = {arXiv},
       eprint = {astro-ph/9612232},
 primaryClass = {astro-ph},
       adsurl = {https://ui.adsabs.harvard.edu/abs/1997MNRAS.292...27H},
      adsnote = {Provided by the SAO/NASA Astrophysics Data System}
}

@ARTICLE{Valageas2002,
       author = {{Valageas}, P. and {Schaeffer}, R. and {Silk}, J.},
        title = "{The phase-diagram of cosmological baryons}",
      journal = {\aap},
     keywords = {cosmology: theory, large-scale structure of Universe, galaxies: intergalactic medium, Astrophysics},
         year = "2002",
        month = "Jun",
       volume = {388},
        pages = {741-757},
          doi = {10.1051/0004-6361:20020548},
archivePrefix = {arXiv},
       eprint = {astro-ph/0112273},
 primaryClass = {astro-ph},
       adsurl = {https://ui.adsabs.harvard.edu/abs/2002A&A...388..741V},
      adsnote = {Provided by the SAO/NASA Astrophysics Data System}
}


@ARTICLE{Rockstar,
       author = {{Behroozi}, Peter S. and {Wechsler}, Risa H. and {Wu}, Hao-Yi},
        title = "{The ROCKSTAR Phase-space Temporal Halo Finder and the Velocity Offsets of Cluster Cores}",
      journal = {\apj},
     keywords = {dark matter, methods: numerical, Astrophysics - Cosmology and Extragalactic Astrophysics, Astrophysics - Instrumentation and Methods for Astrophysics},
         year = "2013",
        month = "Jan",
       volume = {762},
       number = {2},
          eid = {109},
        pages = {109},
          doi = {10.1088/0004-637X/762/2/109},
archivePrefix = {arXiv},
       eprint = {1110.4372},
 primaryClass = {astro-ph.CO},
       adsurl = {https://ui.adsabs.harvard.edu/abs/2013ApJ...762..109B},
      adsnote = {Provided by the SAO/NASA Astrophysics Data System}
}

@INPROCEEDINGS{Kreckel2016,
       author = {{Kreckel}, Kathryn and {van Gorkom}, Jacqueline H. and {Beygu}, Burcu and
         {van de Weygaert}, Rien and {van der Hulst}, J.~M. and
         {Aragon-Calvo}, Miguel A. and {Peletier}, Reynier F.},
        title = "{The Void Galaxy Survey: Galaxy Evolution and Gas Accretion in Voids}",
     keywords = {large-scale structure of universe, galaxies: evolution, galaxies: ISM},
    booktitle = {The Zeldovich Universe: Genesis and Growth of the Cosmic Web},
         year = "2016",
       editor = {{van de Weygaert}, R. and {Shandarin}, S. and {Saar}, E. and
         {Einasto}, J.},
       series = {IAU Symposium},
       volume = {308},
        month = "Oct",
        pages = {591-599},
          doi = {10.1017/S1743921316010644},
       adsurl = {https://ui.adsabs.harvard.edu/abs/2016IAUS..308..591K},
      adsnote = {Provided by the SAO/NASA Astrophysics Data System}
}

@ARTICLE{Dave2010,
       author = {{Dav{\'e}}, Romeel and {Oppenheimer}, Benjamin D. and {Katz}, Neal and
         {Kollmeier}, Juna A. and {Weinberg}, David H.},
        title = "{The intergalactic medium over the last 10 billion years - I. Ly{\ensuremath{\alpha}} absorption and physical conditions}",
      journal = {\mnras},
     keywords = {methods: numerical, galaxies: formation, intergalactic medium, quasars: absorption lines, ultraviolet: general, large-scale structure of Universe, Astrophysics - Cosmology and Nongalactic Astrophysics},
         year = "2010",
        month = "Nov",
       volume = {408},
       number = {4},
        pages = {2051-2070},
          doi = {10.1111/j.1365-2966.2010.17279.x},
archivePrefix = {arXiv},
       eprint = {1005.2421},
 primaryClass = {astro-ph.CO},
       adsurl = {https://ui.adsabs.harvard.edu/abs/2010MNRAS.408.2051D},
      adsnote = {Provided by the SAO/NASA Astrophysics Data System}
}

@ARTICLE{Kitayama1996,
       author = {{Kitayama}, Tetsu and {Suto}, Yasushi},
        title = "{Semianalytic Predictions for Statistical Properties of X-Ray Clusters of Galaxies in Cold Dark Matter Universes}",
      journal = {\apj},
     keywords = {COSMOLOGY: THEORY, COSMOLOGY: DARK MATTER, GALAXIES: CLUSTERS: GENERAL, X-RAYS: GALAXIES, Astrophysics},
         year = "1996",
        month = "Oct",
       volume = {469},
        pages = {480},
          doi = {10.1086/177797},
archivePrefix = {arXiv},
       eprint = {astro-ph/9604141},
 primaryClass = {astro-ph},
       adsurl = {https://ui.adsabs.harvard.edu/abs/1996ApJ...469..480K},
      adsnote = {Provided by the SAO/NASA Astrophysics Data System}
}

@ARTICLE{Huang2019,
       author = {{Huang}, Shuiyao and {Katz}, Neal and {Dav{\'e}}, Romeel and
         {Fardal}, Mark and {Kollmeier}, Juna and {Oppenheimer}, Benjamin D. and
         {Peeples}, Molly S. and {Roberts}, Shawn and {Weinberg}, David H. and
         {Hopkins}, Philip F. and {Thompson}, Robert},
        title = "{The robustness of cosmological hydrodynamic simulation predictions to changes in numerics and cooling physics}",
      journal = {\mnras},
     keywords = {hydrodynamics, methods: numerical, galaxies: evolution, galaxies: general, Astrophysics - Astrophysics of Galaxies},
         year = "2019",
        month = "Apr",
       volume = {484},
       number = {2},
        pages = {2021-2046},
          doi = {10.1093/mnras/stz057},
archivePrefix = {arXiv},
       eprint = {1810.12946},
 primaryClass = {astro-ph.GA},
       adsurl = {https://ui.adsabs.harvard.edu/abs/2019MNRAS.484.2021H},
      adsnote = {Provided by the SAO/NASA Astrophysics Data System}
}



@ARTICLE{Martizzi2019,
       author = {{Martizzi}, Davide and {Vogelsberger}, Mark and {Artale}, Maria Celeste and
         {Haider}, Markus and {Torrey}, Paul and {Marinacci}, Federico and
         {Nelson}, Dylan and {Pillepich}, Annalisa and {Weinberger}, Rainer and
         {Hernquist}, Lars and {Naiman}, Jill and {Springel}, Volker},
        title = "{Baryons in the Cosmic Web of IllustrisTNG - I: gas in knots, filaments, sheets, and voids}",
      journal = {\mnras},
     keywords = {methods: numerical, cosmic large-scale structure, hydrodynamical simulations, galaxy formation, Astrophysics - Cosmology and Nongalactic Astrophysics, Astrophysics - Astrophysics of Galaxies},
         year = "2019",
        month = "Jul",
       volume = {486},
       number = {3},
        pages = {3766-3787},
          doi = {10.1093/mnras/stz1106},
archivePrefix = {arXiv},
       eprint = {1810.01883},
 primaryClass = {astro-ph.CO},
       adsurl = {https://ui.adsabs.harvard.edu/abs/2019MNRAS.486.3766M},
      adsnote = {Provided by the SAO/NASA Astrophysics Data System}
}

@ARTICLE{Schaal2016,
       author = {{Schaal}, Kevin and {Springel}, Volker and {Pakmor}, R{\"u}diger and
         {Pfrommer}, Christoph and {Nelson}, Dylan and {Vogelsberger}, Mark and
         {Genel}, Shy and {Pillepich}, Annalisa and {Sijacki}, Debora and
         {Hernquist}, Lars},
        title = "{Shock finding on a moving-mesh - II. Hydrodynamic shocks in the Illustris universe}",
      journal = {\mnras},
     keywords = {hydrodynamics, shock waves, methods: numerical, galaxies: clusters: general, galaxies: kinematics and dynamics, large-scale structure of Universe, Astrophysics - Cosmology and Nongalactic Astrophysics, Astrophysics - Astrophysics of Galaxies},
         year = "2016",
        month = "Oct",
       volume = {461},
       number = {4},
        pages = {4441-4465},
          doi = {10.1093/mnras/stw1587},
archivePrefix = {arXiv},
       eprint = {1604.07401},
 primaryClass = {astro-ph.CO},
       adsurl = {https://ui.adsabs.harvard.edu/abs/2016MNRAS.461.4441S},
      adsnote = {Provided by the SAO/NASA Astrophysics Data System}
}

@ARTICLE{Springel2002,
       author = {{Springel}, Volker and {Hernquist}, Lars},
        title = "{Cosmological smoothed particle hydrodynamics simulations: the entropy equation}",
      journal = {\mnras},
     keywords = {methods: numerical, galaxies: evolution, galaxies: starburst, Astrophysics},
         year = "2002",
        month = "Jul",
       volume = {333},
       number = {3},
        pages = {649-664},
          doi = {10.1046/j.1365-8711.2002.05445.x},
archivePrefix = {arXiv},
       eprint = {astro-ph/0111016},
 primaryClass = {astro-ph},
       adsurl = {https://ui.adsabs.harvard.edu/abs/2002MNRAS.333..649S},
      adsnote = {Provided by the SAO/NASA Astrophysics Data System}
}


@BOOK{ElPeebles,
       author = {{Peebles}, P.~J.~E.},
        title = "{The large-scale structure of the universe}",
         year = "1980",
       adsurl = {https://ui.adsabs.harvard.edu/abs/1980lssu.book.....P},
      adsnote = {Provided by the SAO/NASA Astrophysics Data System}
}




@article{Reference1,
	Abstract = {We have developed an enhanced Littrow configuration extended cavity diode laser (ECDL) that can be tuned without changing the direction of the output beam. The output of a conventional Littrow ECDL is reflected from a plane mirror fixed parallel to the tuning diffraction grating. Using a free-space Michelson wavemeter to measure the laser wavelength, we can tune the laser over a range greater than 10 nm without any alteration of alignment.},
	Author = {C. J. Hawthorn and K. P. Weber and R. E. Scholten},
	Journal = {Review of Scientific Instruments},
	Month = {12},
	Number = {12},
	Numpages = {3},
	Pages = {4477--4479},
	Title = {Littrow Configuration Tunable External Cavity Diode Laser with Fixed Direction Output Beam},
	Volume = {72},
	Url = {http://link.aip.org/link/?RSI/72/4477/1},
	Year = {2001}}

@article{Reference3,
	Abstract = {Operating a laser diode in an extended cavity which provides frequency-selective feedback is a very effective method of reducing the laser's linewidth and improving its tunability. We have developed an extremely simple laser of this type, built from inexpensive commercial components with only a few minor modifications. A 780~nm laser built to this design has an output power of 80~mW, a linewidth of 350~kHz, and it has been continuously locked to a Doppler-free rubidium transition for several days.},
	Author = {A. S. Arnold and J. S. Wilson and M. G. Boshier and J. Smith},
	Journal = {Review of Scientific Instruments},
	Month = {3},
	Number = {3},
	Numpages = {4},
	Pages = {1236--1239},
	Title = {A Simple Extended-Cavity Diode Laser},
	Volume = {69},
	Url = {http://link.aip.org/link/?RSI/69/1236/1},
	Year = {1998}}

@article{Reference2,
	Abstract = {We present a review of the use of diode lasers in atomic physics with an extensive list of references. We discuss the relevant characteristics of diode lasers and explain how to purchase and use them. We also review the various techniques that have been used to control and narrow the spectral outputs of diode lasers. Finally we present a number of examples illustrating the use of diode lasers in atomic physics experiments. Review of Scientific Instruments is copyrighted by The American Institute of Physics.},
	Author = {Carl E. Wieman and Leo Hollberg},
	Journal = {Review of Scientific Instruments},
	Keywords = {Diode Laser},
	Month = {1},
	Number = {1},
	Numpages = {20},
	Pages = {1--20},
	Title = {Using Diode Lasers for Atomic Physics},
	Volume = {62},
	Url = {http://link.aip.org/link/?RSI/62/1/1},
	Year = {1991}}

